<?xml version="1.0"?>
<zs:searchRetrieveResponse xmlns:zs="http://www.loc.gov/zing/srw/"><zs:version>1.1</zs:version><zs:numberOfRecords>10000</zs:numberOfRecords><zs:records><zs:record><zs:recordSchema>info:srw/schema/1/opacxml-v1.0</zs:recordSchema><zs:recordPacking>xml</zs:recordPacking><zs:recordData><opacRecord>
  <bibliographicRecord>
<record xmlns="http://www.loc.gov/MARC21/slim">
  <leader>01141pam a2200301 a 4500</leader>
  <controlfield tag="001">4416307</controlfield>
  <controlfield tag="005">20130429102907.0</controlfield>
  <controlfield tag="008">930915s1993    utu      b    001 0 eng  </controlfield>
  <datafield tag="906" ind1=" " ind2=" ">
    <subfield code="a">7</subfield>
    <subfield code="b">cbc</subfield>
    <subfield code="c">orignew</subfield>
    <subfield code="d">1</subfield>
    <subfield code="e">ocip</subfield>
    <subfield code="f">19</subfield>
    <subfield code="g">y-gencatlg</subfield>
  </datafield>
  <datafield tag="955" ind1=" " ind2=" ">
    <subfield code="a">pc03 to sa00 09-15-93; sh12 09-17-93; aa21 09-27-93; CIP ver. ta06; to SL 01-13-94</subfield>
  </datafield>
  <datafield tag="010" ind1=" " ind2=" ">
    <subfield code="a">   93036633 </subfield>
  </datafield>
  <datafield tag="020" ind1=" " ind2=" ">
    <subfield code="a">087579789X :</subfield>
    <subfield code="c">$18.95</subfield>
  </datafield>
  <datafield tag="035" ind1=" " ind2=" ">
    <subfield code="9">(DLC)   93036633</subfield>
  </datafield>
  <datafield tag="040" ind1=" " ind2=" ">
    <subfield code="a">DLC</subfield>
    <subfield code="c">DLC</subfield>
    <subfield code="d">DLC</subfield>
  </datafield>
  <datafield tag="050" ind1="0" ind2="0">
    <subfield code="a">BS1171.2</subfield>
    <subfield code="b">.A15 1993</subfield>
  </datafield>
  <datafield tag="082" ind1="0" ind2="0">
    <subfield code="a">221.6</subfield>
    <subfield code="2">20</subfield>
  </datafield>
  <datafield tag="245" ind1="0" ind2="0">
    <subfield code="a">1 Kings to Malachi /</subfield>
    <subfield code="c">edited by Kent P. Jackson.</subfield>
  </datafield>
  <datafield tag="260" ind1=" " ind2=" ">
    <subfield code="a">Salt Lake City, Utah :</subfield>
    <subfield code="b">Deseret Book Co.,</subfield>
    <subfield code="c">c1993.</subfield>
  </datafield>
  <datafield tag="300" ind1=" " ind2=" ">
    <subfield code="a">x, 533 p. ;</subfield>
    <subfield code="c">22 cm.</subfield>
  </datafield>
  <datafield tag="490" ind1="1" ind2=" ">
    <subfield code="a">Studies in Scripture ;</subfield>
    <subfield code="v">v. 4</subfield>
  </datafield>
  <datafield tag="504" ind1=" " ind2=" ">
    <subfield code="a">Includes bibliographical references and indexes.</subfield>
  </datafield>
  <datafield tag="630" ind1="0" ind2="0">
    <subfield code="a">Bible.</subfield>
    <subfield code="p">Old Testament</subfield>
    <subfield code="x">Criticism, interpretation, etc.</subfield>
  </datafield>
  <datafield tag="610" ind1="2" ind2="0">
    <subfield code="a">Church of Jesus Christ of Latter-day Saints</subfield>
    <subfield code="x">Doctrines.</subfield>
  </datafield>
  <datafield tag="650" ind1=" " ind2="0">
    <subfield code="a">Mormon Church</subfield>
    <subfield code="x">Doctrines.</subfield>
  </datafield>
  <datafield tag="700" ind1="1" ind2=" ">
    <subfield code="a">Jackson, Kent P.</subfield>
  </datafield>
  <datafield tag="740" ind1="0" ind2=" ">
    <subfield code="a">First Kings to Malachi.</subfield>
  </datafield>
  <datafield tag="830" ind1=" " ind2="0">
    <subfield code="a">Studies in Scripture (Salt Lake City, Utah) ;</subfield>
    <subfield code="v">v. 4.</subfield>
  </datafield>
  <datafield tag="991" ind1=" " ind2=" ">
    <subfield code="b">c-GenColl</subfield>
    <subfield code="h">BS1171.2</subfield>
    <subfield code="i">.A15 1993</subfield>
    <subfield code="t">Copy 1</subfield>
    <subfield code="w">BOOKS</subfield>
  </datafield>
</record>
  </bibliographicRecord>
<holdings>
 <holding>
  <typeOfRecord>u</typeOfRecord>
  <encodingLevel>u</encodingLevel>
  <receiptAcqStatus>0</receiptAcqStatus>
  <generalRetention>|</generalRetention>
  <completeness>0</completeness>
  <dateOfReport>000000</dateOfReport>
  <nucCode>c-GenColl</nucCode>
  <localLocation>Jefferson or Adams Building Reading Rooms</localLocation>
  <callNumber>BS1171.2 .A15 1993</callNumber>
  <copyNumber>Copy 1</copyNumber>
  <circulations>
   <circulation>
    <availableNow value="1"/>
    <itemId>4146766</itemId>
    <renewable value="0"/>
    <onHold value="0"/>
   </circulation>
  </circulations>
 </holding>
 <holding>
  <typeOfRecord>u</typeOfRecord>
  <encodingLevel>u</encodingLevel>
  <receiptAcqStatus>0</receiptAcqStatus>
  <generalRetention>|</generalRetention>
  <completeness>0</completeness>
  <dateOfReport>000000</dateOfReport>
  <nucCode>s-FM/GC</nucCode>
  <localLocation>Jefferson or Adams Building Reading Rooms - STORED OFFSITE</localLocation>
  <callNumber>BS1171.2 .A15 1993</callNumber>
  <shelvingData>FT MEADE</shelvingData>
  <copyNumber>Copy 2</copyNumber>
  <circulations>
   <circulation>
    <availableNow value="1"/>
    <itemId>16106973</itemId>
    <renewable value="0"/>
    <onHold value="0"/>
   </circulation>
  </circulations>
 </holding>
</holdings>
</opacRecord></zs:recordData><zs:recordPosition>22</zs:recordPosition></zs:record>