<zs:record><zs:recordSchema>info:srw/schema/1/opacxml-v1.0</zs:recordSchema><zs:recordPacking>xml</zs:recordPacking><zs:recordData><opacRecord>
  <bibliographicRecord>
<record xmlns="http://www.loc.gov/MARC21/slim">
  <leader>01499cam a22003374a 4500</leader>
  <controlfield tag="001">11890515</controlfield>
  <controlfield tag="005">20130523141048.0</controlfield>
  <controlfield tag="008">000114s2000    nyub     b    001 0 eng  </controlfield>
  <datafield tag="906" ind1=" " ind2=" ">
    <subfield code="a">7</subfield>
    <subfield code="b">cbc</subfield>
    <subfield code="c">orignew</subfield>
    <subfield code="d">1</subfield>
    <subfield code="e">ocip</subfield>
    <subfield code="f">20</subfield>
    <subfield code="g">y-gencatlg</subfield>
  </datafield>
  <datafield tag="925" ind1="0" ind2=" ">
    <subfield code="a">acquire</subfield>
    <subfield code="b">2 shelf copies</subfield>
    <subfield code="x">policy default</subfield>
  </datafield>
  <datafield tag="955" ind1=" " ind2=" ">
    <subfield code="a">to RCCD pc05 01-14-00; sh20 01-20-00; sh41 01-27-00; sh04 to Dewey 01-28-00;aa03 1-31-00; bk rec'd, to CIP ver. ps15 06-12-01; CIP ver. sh16 06-15-01; sh16 to BCCD 06-15-01</subfield>
  </datafield>
  <datafield tag="010" ind1=" " ind2=" ">
    <subfield code="a">   00021940 </subfield>
  </datafield>
  <datafield tag="020" ind1=" " ind2=" ">
    <subfield code="a">0385413637 (alk. paper)</subfield>
  </datafield>
  <datafield tag="040" ind1=" " ind2=" ">
    <subfield code="a">DLC</subfield>
    <subfield code="c">DLC</subfield>
    <subfield code="d">DLC</subfield>
  </datafield>
  <datafield tag="042" ind1=" " ind2=" ">
    <subfield code="a">pcc</subfield>
  </datafield>
  <datafield tag="050" ind1="0" ind2="0">
    <subfield code="a">BS192.2.A1 1964</subfield>
    <subfield code="b">.G3 vol. 37B</subfield>
    <subfield code="a">BS2795.3</subfield>
  </datafield>
  <datafield tag="082" ind1="0" ind2="0">
    <subfield code="a">220.7/7 s</subfield>
    <subfield code="a">227/.92077</subfield>
    <subfield code="2">21</subfield>
  </datafield>
  <datafield tag="130" ind1="0" ind2=" ">
    <subfield code="a">Bible.</subfield>
    <subfield code="p">Peter, 1st.</subfield>
    <subfield code="l">English.</subfield>
    <subfield code="s">Elliott.</subfield>
    <subfield code="f">2000.</subfield>
  </datafield>
  <datafield tag="245" ind1="1" ind2="0">
    <subfield code="a">1 Peter :</subfield>
    <subfield code="b">a new translation with introduction and commentary /</subfield>
    <subfield code="c">John H. Elliott.</subfield>
  </datafield>
  <datafield tag="246" ind1="3" ind2=" ">
    <subfield code="a">First Peter</subfield>
  </datafield>
  <datafield tag="250" ind1=" " ind2=" ">
    <subfield code="a">1st ed.</subfield>
  </datafield>
  <datafield tag="260" ind1=" " ind2=" ">
    <subfield code="a">New York :</subfield>
    <subfield code="b">Doubleday,</subfield>
    <subfield code="c">c2000.</subfield>
  </datafield>
  <datafield tag="300" ind1=" " ind2=" ">
    <subfield code="a">xxiii, 956 p. :</subfield>
    <subfield code="b">maps ;</subfield>
    <subfield code="c">24 cm.</subfield>
  </datafield>
  <datafield tag="490" ind1="1" ind2=" ">
    <subfield code="a">The Anchor Bible ;</subfield>
    <subfield code="v">v. 37B</subfield>
  </datafield>
  <datafield tag="504" ind1=" " ind2=" ">
    <subfield code="a">Includes bibliographical references and indexes.</subfield>
  </datafield>
  <datafield tag="630" ind1="0" ind2="0">
    <subfield code="a">Bible.</subfield>
    <subfield code="p">Peter, 1st</subfield>
    <subfield code="v">Commentaries.</subfield>
  </datafield>
  <datafield tag="700" ind1="1" ind2=" ">
    <subfield code="a">Elliott, John Hall.</subfield>
  </datafield>
  <datafield tag="830" ind1=" " ind2="0">
    <subfield code="a">Bible.</subfield>
    <subfield code="l">English.</subfield>
    <subfield code="s">Anchor Bible.</subfield>
    <subfield code="f">1964 ;</subfield>
    <subfield code="v">v. 37B.</subfield>
  </datafield>
  <datafield tag="856" ind1="4" ind2="2">
    <subfield code="3">Contributor biographical information</subfield>
    <subfield code="u">http://www.loc.gov/catdir/bios/random052/00021940.html</subfield>
  </datafield>
  <datafield tag="856" ind1="4" ind2="2">
    <subfield code="3">Publisher description</subfield>
    <subfield code="u">http://www.loc.gov/catdir/description/random043/00021940.html</subfield>
  </datafield>
  <datafield tag="991" ind1=" " ind2=" ">
    <subfield code="b">r-MRR</subfield>
    <subfield code="h">BS192.2.A1 1964</subfield>
    <subfield code="i">.G3 vol. 37B</subfield>
    <subfield code="t">Copy 1</subfield>
    <subfield code="m">Alc</subfield>
    <subfield code="w">GenBib</subfield>
  </datafield>
</record>
  </bibliographicRecord>
<holdings>
 <holding>
  <typeOfRecord>u</typeOfRecord>
  <encodingLevel>u</encodingLevel>
  <receiptAcqStatus>0</receiptAcqStatus>
  <generalRetention>|</generalRetention>
  <completeness>0</completeness>
  <dateOfReport>000000</dateOfReport>
  <nucCode>r-MRR</nucCode>
  <localLocation>Reference - Main Reading Room (Jefferson, LJ100)</localLocation>
  <callNumber>BS192.2.A1 1964 .G3 vol. 37B</callNumber>
  <shelvingData>Alc</shelvingData>
  <copyNumber>Copy 1</copyNumber>
  <circulations>
   <circulation>
    <availableNow value="1"/>
    <itemId>12976737</itemId>
    <renewable value="0"/>
    <onHold value="0"/>
   </circulation>
  </circulations>
 </holding>
 <holding>
  <typeOfRecord>u</typeOfRecord>
  <encodingLevel>u</encodingLevel>
  <receiptAcqStatus>0</receiptAcqStatus>
  <generalRetention>|</generalRetention>
  <completeness>0</completeness>
  <dateOfReport>000000</dateOfReport>
  <nucCode>c-GenColl</nucCode>
  <localLocation>Jefferson or Adams Building Reading Rooms</localLocation>
  <callNumber>BS192.2.A1 1964 .G3 vol. 37B</callNumber>
  <copyNumber>Copy 2</copyNumber>
  <circulations>
   <circulation>
    <availableNow value="1"/>
    <itemId>13588317</itemId>
    <renewable value="0"/>
    <onHold value="0"/>
   </circulation>
  </circulations>
 </holding>
</holdings>
</opacRecord></zs:recordData><zs:recordPosition>25</zs:recordPosition></zs:record>