<zs:record><zs:recordSchema>info:srw/schema/1/opacxml-v1.0</zs:recordSchema><zs:recordPacking>xml</zs:recordPacking><zs:recordData><opacRecord>
  <bibliographicRecord>
<record xmlns="http://www.loc.gov/MARC21/slim">
  <leader>00971cam a22002414a 4500</leader>
  <controlfield tag="001">13895781</controlfield>
  <controlfield tag="005">20150605145739.0</controlfield>
  <controlfield tag="008">050310s2004    tnu      b    001 0 eng  </controlfield>
  <datafield tag="906" ind1=" " ind2=" ">
    <subfield code="a">0</subfield>
    <subfield code="b">ibc</subfield>
    <subfield code="c">orignew</subfield>
    <subfield code="d">3</subfield>
    <subfield code="e">ncip</subfield>
    <subfield code="f">20</subfield>
    <subfield code="g">y-gencatlg</subfield>
  </datafield>
  <datafield tag="925" ind1="0" ind2=" ">
    <subfield code="a">acquire</subfield>
    <subfield code="b">1 shelf copies</subfield>
    <subfield code="x">policy default</subfield>
  </datafield>
  <datafield tag="955" ind1=" " ind2=" ">
    <subfield code="a">pv03 2005-03-10 to SSCD</subfield>
    <subfield code="c">rc12 2009-05-27</subfield>
    <subfield code="d">rk02 2015-06-05 to shelflisting (OT)</subfield>
  </datafield>
  <datafield tag="010" ind1=" " ind2=" ">
    <subfield code="a">  2005270416</subfield>
  </datafield>
  <datafield tag="020" ind1=" " ind2=" ">
    <subfield code="a">9781574070187 (pbk.)</subfield>
  </datafield>
  <datafield tag="020" ind1=" " ind2=" ">
    <subfield code="a">1574070185 (pbk.)</subfield>
  </datafield>
  <datafield tag="040" ind1=" " ind2=" ">
    <subfield code="a">DLC</subfield>
    <subfield code="c">DLC</subfield>
  </datafield>
  <datafield tag="050" ind1="0" ind2="0">
    <subfield code="a">BS2793</subfield>
    <subfield code="b">.A88 2004  +++</subfield>
  </datafield>
  <datafield tag="130" ind1="0" ind2=" ">
    <subfield code="a">Bible.</subfield>
    <subfield code="p">Peter, 1st.</subfield>
    <subfield code="l">English.</subfield>
    <subfield code="s">Authorized.</subfield>
    <subfield code="f">2004.</subfield>
  </datafield>
  <datafield tag="245" ind1="1" ind2="0">
    <subfield code="a">1 Peter :</subfield>
    <subfield code="b">the teacher's outline &amp; study Bible : New Testament : King James Version.</subfield>
  </datafield>
  <datafield tag="264" ind1=" " ind2="1">
    <subfield code="a">Chattanooga, TN :</subfield>
    <subfield code="b">Leadership Ministries Worldwide,</subfield>
    <subfield code="c">[2004].</subfield>
  </datafield>
  <datafield tag="300" ind1=" " ind2=" ">
    <subfield code="a">x, 262 pages ;</subfield>
    <subfield code="c">23 cm</subfield>
  </datafield>
  <datafield tag="504" ind1=" " ind2=" ">
    <subfield code="a">Includes bibliographical references (pages vii-x) and indexes.</subfield>
  </datafield>
  <datafield tag="630" ind1="0" ind2="0">
    <subfield code="a">Bible.</subfield>
    <subfield code="p">Peter, 1st</subfield>
    <subfield code="v">Outlines, syllabi, etc.</subfield>
  </datafield>
  <datafield tag="710" ind1="2" ind2=" ">
    <subfield code="a">Leadership Ministries Worldwide.</subfield>
  </datafield>
</record>
  </bibliographicRecord>
<holdings>
 <holding>
  <typeOfRecord>u</typeOfRecord>
  <encodingLevel>u</encodingLevel>
  <receiptAcqStatus>0</receiptAcqStatus>
  <generalRetention>|</generalRetention>
  <completeness>0</completeness>
  <dateOfReport>000000</dateOfReport>
  <nucCode>c-GenColl</nucCode>
  <localLocation>Jefferson or Adams Building Reading Rooms</localLocation>
  <circulations>
   <circulation>
    <availableNow value="0"/>
    <itemId>16277651</itemId>
    <renewable value="0"/>
    <onHold value="0"/>
   </circulation>
  </circulations>
 </holding>
</holdings>
</opacRecord></zs:recordData><zs:recordPosition>27</zs:recordPosition></zs:record>