<zs:record><zs:recordSchema>info:srw/schema/1/opacxml-v1.0</zs:recordSchema><zs:recordPacking>xml</zs:recordPacking><zs:recordData><opacRecord>
  <bibliographicRecord>
<record xmlns="http://www.loc.gov/MARC21/slim">
  <leader>01224cam a22003375i 4500</leader>
  <controlfield tag="001">19066866</controlfield>
  <controlfield tag="005">20160425151056.0</controlfield>
  <controlfield tag="008">160425s2011    xxua   j 6    000 0 eng  </controlfield>
  <datafield tag="906" ind1=" " ind2=" ">
    <subfield code="a">0</subfield>
    <subfield code="b">ibc</subfield>
    <subfield code="c">origres</subfield>
    <subfield code="d">2</subfield>
    <subfield code="e">ncip</subfield>
    <subfield code="f">20</subfield>
    <subfield code="g">y-gencatlg</subfield>
  </datafield>
  <datafield tag="925" ind1="0" ind2=" ">
    <subfield code="a">acquire</subfield>
    <subfield code="b">1 shelf copy</subfield>
    <subfield code="x">policy default</subfield>
  </datafield>
  <datafield tag="955" ind1=" " ind2=" ">
    <subfield code="b">rk15 2016-04-25 z-processor</subfield>
  </datafield>
  <datafield tag="010" ind1=" " ind2=" ">
    <subfield code="a">  2016301309</subfield>
  </datafield>
  <datafield tag="020" ind1=" " ind2=" ">
    <subfield code="a">9780982928936</subfield>
  </datafield>
  <datafield tag="040" ind1=" " ind2=" ">
    <subfield code="a">DLC</subfield>
    <subfield code="b">eng</subfield>
    <subfield code="e">rda</subfield>
    <subfield code="c">DLC</subfield>
  </datafield>
  <datafield tag="042" ind1=" " ind2=" ">
    <subfield code="a">pcc</subfield>
  </datafield>
  <datafield tag="245" ind1="0" ind2="0">
    <subfield code="a">1 Samuel :</subfield>
    <subfield code="b">a biblically accurate graphic novel /</subfield>
    <subfield code="c">produced by Golden Dog, My Legacy Press, and Dakedojo Grace ; illustrations by Windbell Studios supervised by Sara Han-Williams, Pixtrend.</subfield>
  </datafield>
  <datafield tag="246" ind1="3" ind2=" ">
    <subfield code="a">First Samuel</subfield>
  </datafield>
  <datafield tag="264" ind1=" " ind2="1">
    <subfield code="a">[United States] :</subfield>
    <subfield code="b">Apple of the Eye Pub.,</subfield>
    <subfield code="c">[2011]</subfield>
  </datafield>
  <datafield tag="300" ind1=" " ind2=" ">
    <subfield code="a">150 pages :</subfield>
    <subfield code="b">color illustrations ;</subfield>
    <subfield code="c">23 cm</subfield>
  </datafield>
  <datafield tag="336" ind1=" " ind2=" ">
    <subfield code="a">text</subfield>
    <subfield code="b">txt</subfield>
    <subfield code="2">rdacontent</subfield>
  </datafield>
  <datafield tag="337" ind1=" " ind2=" ">
    <subfield code="a">unmediated</subfield>
    <subfield code="b">n</subfield>
    <subfield code="2">rdamedia</subfield>
  </datafield>
  <datafield tag="338" ind1=" " ind2=" ">
    <subfield code="a">volume</subfield>
    <subfield code="b">nc</subfield>
    <subfield code="2">rdacarrier</subfield>
  </datafield>
  <datafield tag="336" ind1=" " ind2=" ">
    <subfield code="a">text</subfield>
    <subfield code="b">txt</subfield>
    <subfield code="2">rdacontent</subfield>
  </datafield>
  <datafield tag="490" ind1="0" ind2=" ">
    <subfield code="a">Almighty Bible</subfield>
  </datafield>
  <datafield tag="500" ind1=" " ind2=" ">
    <subfield code="a">Cover title.</subfield>
  </datafield>
  <datafield tag="630" ind1="0" ind2="0">
    <subfield code="a">Bible.</subfield>
    <subfield code="p">Samuel, 1st</subfield>
    <subfield code="v">Comic books, strips, etc.</subfield>
  </datafield>
  <datafield tag="630" ind1="0" ind2="0">
    <subfield code="a">Bible.</subfield>
    <subfield code="p">Samuel, 1st</subfield>
    <subfield code="v">Adaptations.</subfield>
  </datafield>
  <datafield tag="710" ind1="2" ind2=" ">
    <subfield code="a">Golden Dog Press.</subfield>
  </datafield>
  <datafield tag="710" ind1="2" ind2=" ">
    <subfield code="a">My Legacy Press.</subfield>
  </datafield>
  <datafield tag="710" ind1="2" ind2=" ">
    <subfield code="a">Dakedojo Grace (Firm)</subfield>
  </datafield>
  <datafield tag="710" ind1="2" ind2=" ">
    <subfield code="a">Windbell Studios.</subfield>
  </datafield>
</record>
  </bibliographicRecord>
<holdings>
 <holding>
  <typeOfRecord>u</typeOfRecord>
  <encodingLevel>u</encodingLevel>
  <receiptAcqStatus>0</receiptAcqStatus>
  <generalRetention>|</generalRetention>
  <completeness>0</completeness>
  <dateOfReport>000000</dateOfReport>
  <nucCode>c-GenColl</nucCode>
  <localLocation>Jefferson or Adams Building Reading Rooms</localLocation>
  <circulations>
   <circulation>
    <availableNow value="0"/>
    <itemId>25421124</itemId>
    <renewable value="0"/>
    <onHold value="0"/>
   </circulation>
  </circulations>
 </holding>
</holdings>
</opacRecord></zs:recordData><zs:recordPosition>29</zs:recordPosition></zs:record>