<zs:record><zs:recordSchema>info:srw/schema/1/opacxml-v1.0</zs:recordSchema><zs:recordPacking>xml</zs:recordPacking><zs:recordData><opacRecord>
  <bibliographicRecord>
<record xmlns="http://www.loc.gov/MARC21/slim">
  <leader>00758cam a2200217u  4500</leader>
  <controlfield tag="001">6430431</controlfield>
  <controlfield tag="005">20130702085550.0</controlfield>
  <controlfield tag="008">841025s1846    ii            000 0 eng  </controlfield>
  <datafield tag="906" ind1=" " ind2=" ">
    <subfield code="a">0</subfield>
    <subfield code="b">cbc</subfield>
    <subfield code="c">premunv</subfield>
    <subfield code="d">u</subfield>
    <subfield code="e">ncip</subfield>
    <subfield code="f">19</subfield>
    <subfield code="g">y-gencatlg</subfield>
  </datafield>
  <datafield tag="010" ind1=" " ind2=" ">
    <subfield code="a">   37008475 </subfield>
  </datafield>
  <datafield tag="035" ind1=" " ind2=" ">
    <subfield code="9">(DLC)   37008475</subfield>
  </datafield>
  <datafield tag="040" ind1=" " ind2=" ">
    <subfield code="a">DLC</subfield>
    <subfield code="c">CarP</subfield>
    <subfield code="d">DLC</subfield>
  </datafield>
  <datafield tag="050" ind1="0" ind2="0">
    <subfield code="a">BS315</subfield>
    <subfield code="b">.M32 1846 vol. 1</subfield>
  </datafield>
  <datafield tag="130" ind1="0" ind2=" ">
    <subfield code="a">Bible.</subfield>
    <subfield code="p">Samuel, 1st.</subfield>
    <subfield code="l">Marathi.</subfield>
    <subfield code="s">Allen.</subfield>
    <subfield code="f">1846.</subfield>
  </datafield>
  <datafield tag="245" ind1="1" ind2="0">
    <subfield code="a">1. Samuel [in the Marathi language]</subfield>
  </datafield>
  <datafield tag="260" ind1=" " ind2=" ">
    <subfield code="a">Bombay,</subfield>
    <subfield code="b">Bombay auxiliary Bible society, American mission press,</subfield>
    <subfield code="c">1846.</subfield>
  </datafield>
  <datafield tag="300" ind1=" " ind2=" ">
    <subfield code="a">74 p.</subfield>
    <subfield code="c">22 cm.</subfield>
  </datafield>
  <datafield tag="650" ind1=" " ind2="0">
    <subfield code="a">Marathi language</subfield>
    <subfield code="v">Texts.</subfield>
  </datafield>
  <datafield tag="700" ind1="1" ind2=" ">
    <subfield code="a">Allen, David Oliver,</subfield>
    <subfield code="d">1799-1863,</subfield>
    <subfield code="e">tr.</subfield>
  </datafield>
  <datafield tag="710" ind1="2" ind2=" ">
    <subfield code="a">Bombay Auxiliary Bible Society.</subfield>
  </datafield>
  <datafield tag="991" ind1=" " ind2=" ">
    <subfield code="b">c-GenColl</subfield>
    <subfield code="h">BS315</subfield>
    <subfield code="i">.M32 1846 vol. 1</subfield>
    <subfield code="t">Copy 1</subfield>
    <subfield code="w">PREM</subfield>
  </datafield>
</record>
  </bibliographicRecord>
<holdings>
 <holding>
  <typeOfRecord>u</typeOfRecord>
  <encodingLevel>u</encodingLevel>
  <receiptAcqStatus>0</receiptAcqStatus>
  <generalRetention>|</generalRetention>
  <completeness>0</completeness>
  <dateOfReport>000000</dateOfReport>
  <nucCode>c-GenColl</nucCode>
  <localLocation>Jefferson or Adams Building Reading Rooms</localLocation>
  <callNumber>BS315 .M32 1846 vol. 1</callNumber>
  <copyNumber>Copy 1</copyNumber>
  <circulations>
   <circulation>
    <availableNow value="1"/>
    <itemId>6143441</itemId>
    <renewable value="0"/>
    <onHold value="0"/>
   </circulation>
  </circulations>
 </holding>
</holdings>
</opacRecord></zs:recordData><zs:recordPosition>30</zs:recordPosition></zs:record>