<zs:record><zs:recordSchema>info:srw/schema/1/opacxml-v1.0</zs:recordSchema><zs:recordPacking>xml</zs:recordPacking><zs:recordData><opacRecord>
  <bibliographicRecord>
<record xmlns="http://www.loc.gov/MARC21/slim">
  <leader>01324cam a2200289 a 4500</leader>
  <controlfield tag="001">16082372</controlfield>
  <controlfield tag="005">20130606084253.0</controlfield>
  <controlfield tag="008">100203s2009    ohu           000 0 eng  </controlfield>
  <datafield tag="906" ind1=" " ind2=" ">
    <subfield code="a">7</subfield>
    <subfield code="b">cbc</subfield>
    <subfield code="c">origres</subfield>
    <subfield code="d">2</subfield>
    <subfield code="e">ncip</subfield>
    <subfield code="f">20</subfield>
    <subfield code="g">y-gencatlg</subfield>
  </datafield>
  <datafield tag="925" ind1="0" ind2=" ">
    <subfield code="a">acquire</subfield>
    <subfield code="b">2 shelf copies</subfield>
    <subfield code="x">policy default</subfield>
  </datafield>
  <datafield tag="955" ind1=" " ind2=" ">
    <subfield code="b">rc10 2010-02-03 z-processor</subfield>
    <subfield code="c">rc10 2010-03-25 2 copies to subj.</subfield>
    <subfield code="d">rc06 2010-05-03 to shelflisting</subfield>
    <subfield code="e">rc09 2010-05-04 ; to Dewey 2010-05-04</subfield>
    <subfield code="t">rc09 2010-05-04 c. 2 added</subfield>
    <subfield code="w">rd03 2010-06-25</subfield>
    <subfield code="a">Barcode 00266267460 returned from bindery 2010-07-26</subfield>
  </datafield>
  <datafield tag="010" ind1=" " ind2=" ">
    <subfield code="a">  2010290810</subfield>
  </datafield>
  <datafield tag="020" ind1=" " ind2=" ">
    <subfield code="a">9781597897693 (pbk.)</subfield>
  </datafield>
  <datafield tag="040" ind1=" " ind2=" ">
    <subfield code="a">DLC</subfield>
    <subfield code="c">DLC</subfield>
    <subfield code="d">DLC</subfield>
  </datafield>
  <datafield tag="050" ind1="0" ind2="0">
    <subfield code="a">BS1325.53</subfield>
    <subfield code="b">.A15 2009</subfield>
  </datafield>
  <datafield tag="082" ind1="0" ind2="0">
    <subfield code="a">222/.407</subfield>
    <subfield code="2">22</subfield>
  </datafield>
  <datafield tag="245" ind1="0" ind2="0">
    <subfield code="a">1 Samuel thru 2 Kings :</subfield>
    <subfield code="b">who rules you? /</subfield>
    <subfield code="c">contributing editors, David Guzik, Robert Deffinbaugh ; consulting editor, Tremper Longman.</subfield>
  </datafield>
  <datafield tag="246" ind1="3" ind2=" ">
    <subfield code="a">First Samuel through Second Kings</subfield>
  </datafield>
  <datafield tag="260" ind1=" " ind2=" ">
    <subfield code="a">Uhrichsville, Ohio :</subfield>
    <subfield code="b">Barbour Publishing, Inc.,</subfield>
    <subfield code="c">c2009.</subfield>
  </datafield>
  <datafield tag="300" ind1=" " ind2=" ">
    <subfield code="a">230 p. ;</subfield>
    <subfield code="c">21 cm.</subfield>
  </datafield>
  <datafield tag="490" ind1="0" ind2=" ">
    <subfield code="a">Quicknotes simplified Bible commentary series ;</subfield>
    <subfield code="v">3</subfield>
  </datafield>
  <datafield tag="630" ind1="0" ind2="0">
    <subfield code="a">Bible.</subfield>
    <subfield code="p">Samuel</subfield>
    <subfield code="v">Commentaries.</subfield>
  </datafield>
  <datafield tag="630" ind1="0" ind2="0">
    <subfield code="a">Bible.</subfield>
    <subfield code="p">Kings</subfield>
    <subfield code="v">Commentaries.</subfield>
  </datafield>
  <datafield tag="700" ind1="1" ind2=" ">
    <subfield code="a">Guzik, David.</subfield>
  </datafield>
  <datafield tag="700" ind1="1" ind2=" ">
    <subfield code="a">Deffinbaugh, Robert L.</subfield>
  </datafield>
  <datafield tag="700" ind1="1" ind2=" ">
    <subfield code="a">Longman, Tremper.</subfield>
  </datafield>
  <datafield tag="856" ind1="4" ind2="2">
    <subfield code="3">Publisher description</subfield>
    <subfield code="u">http://www.loc.gov/catdir/enhancements/fy1005/2010290810-d.html</subfield>
  </datafield>
</record>
  </bibliographicRecord>
<holdings>
 <holding>
  <typeOfRecord>u</typeOfRecord>
  <encodingLevel>u</encodingLevel>
  <receiptAcqStatus>0</receiptAcqStatus>
  <generalRetention>|</generalRetention>
  <completeness>0</completeness>
  <dateOfReport>000000</dateOfReport>
  <nucCode>s-FM/GC</nucCode>
  <localLocation>Jefferson or Adams Building Reading Rooms - STORED OFFSITE</localLocation>
  <callNumber>BS1325.53 .A15 2009</callNumber>
  <shelvingData>FT MEADE</shelvingData>
  <copyNumber>Copy 2</copyNumber>
  <circulations>
   <circulation>
    <availableNow value="1"/>
    <itemId>21238655</itemId>
    <renewable value="0"/>
    <onHold value="0"/>
   </circulation>
  </circulations>
 </holding>
 <holding>
  <typeOfRecord>u</typeOfRecord>
  <encodingLevel>u</encodingLevel>
  <receiptAcqStatus>0</receiptAcqStatus>
  <generalRetention>|</generalRetention>
  <completeness>0</completeness>
  <dateOfReport>000000</dateOfReport>
  <nucCode>c-GenColl</nucCode>
  <localLocation>Jefferson or Adams Building Reading Rooms</localLocation>
  <callNumber>BS1325.53 .A15 2009</callNumber>
  <copyNumber>Copy 1</copyNumber>
  <circulations>
   <circulation>
    <availableNow value="1"/>
    <itemId>21238657</itemId>
    <renewable value="0"/>
    <onHold value="0"/>
   </circulation>
  </circulations>
 </holding>
</holdings>
</opacRecord></zs:recordData><zs:recordPosition>31</zs:recordPosition></zs:record></zs:records></zs:searchRetrieveResponse>
